@inproceedings{allen1983Concondeptodatdep,
	author = {Allen, John R and Kennedy, Ken and Porterfield, Carrie and Warren, Joe},
	booktitle = {{Proceedings of the 10th ACM SIGACT-SIGPLAN symposium on Principles of programming languages}},
	organization = {ACM},
	pages = {177--189},
	title = {{Conversion of control dependence to data dependence}},
	url = {http://dl.acm.org/citation.cfm?id=567085},
	x-fetchedfrom = {Google Scholar},
	year = {1983}
}

