@inproceedings{bringmann1993Speexeexcrecusiwrisup,
	abstract = {dblp},
	added-at = {2006-02-13T00:00:00.000+0100},
	author = {Bringmann, Roger A. and Mahlke, Scott A. and Hank, Richard E. and Gyllenhaal, John C. and mei W. Hwu, Wen},
	booktitle = {{MICRO}},
	date = {2006-02-13},
	interhash = {4574a801d5e469840995980d497a17fb},
	intrahash = {3a977457266877a68822b92f3edc6980},
	keywords = {dblp},
	pages = {214--223},
	publisher = {ACM/IEEE},
	title = {{Speculative execution exception recovery using write-back suppression.}},
	url = {http://dblp.uni-trier.de/db/conf/micro/micro1993.html#BringmannMHGH93; http://doi.acm.org/10.1145/255235.255290; http://www.bibsonomy.org/bibtex/23a977457266877a68822b92f3edc6980/dblp},
	x-fetchedfrom = {Bibsonomy},
	year = 1993
}

@inproceedings{allen1983Concondeptodatdep,
	author = {Allen, John R and Kennedy, Ken and Porterfield, Carrie and Warren, Joe},
	booktitle = {{Proceedings of the 10th ACM SIGACT-SIGPLAN symposium on Principles of programming languages}},
	organization = {ACM},
	pages = {177--189},
	title = {{Conversion of control dependence to data dependence}},
	url = {http://dl.acm.org/citation.cfm?id=567085},
	x-fetchedfrom = {Google Scholar},
	year = {1983}
}

@article{ferrante1987prodepgraitsuseopt,
	added-at = {2008-07-07T16:45:32.000+0200},
	author = {Ferrante, J. and Ottenstein, K. and Warren, J.},
	biburl = {http://www.bibsonomy.org/bibtex/2fe62c4467e638866e84426f311b6de77/pdeleenh},
	interhash = {f9315bbba231bcbd92210eba221895c4},
	intrahash = {fe62c4467e638866e84426f311b6de77},
	journal = {ACM Transactions on Programming Languages and Systems},
	keywords = {imported},
	month = {July},
	number = 3,
	owner = {pdeleenh},
	pages = {319--349},
	timestamp = {2008.05.15},
	title = {{The program dependence graph and its use in optimization}},
	volume = 9,
	x-fetchedfrom = {Bibsonomy},
	year = 1987
}

